%% REFERENCES 

@article{noreika2019,
  title={Pollinator foraging flexibility mediates rapid plant-pollinator network restoration in semi-natural grasslands},
  author={Noreika, Norbertas and Bartomeus, Ignasi and Winsa, Marie and Bommarco, Riccardo and {\"O}ckinger, Erik},
  journal={Scientific reports},
  volume={9},
  number={1},
  pages={1--11},
  year={2019},
  publisher={Nature Publishing Group}
}


@article{novella2019,
  title={Interaction strength in plant-pollinator networks: Are we using the right measure?},
  author={Novella-Fernandez, Roberto and Rodrigo, Anselm and Arnan, Xavier and Bosch, Jordi},
  journal={PloS one},
  volume={14},
  number={12},
  year={2019},
  publisher={Public Library of Science}
}



@article{lazaro2019,
  title={Linking species-level network metrics to flower traits and plant fitness},
  author={L{\'a}zaro, Amparo and G{\'o}mez-Mart{\'\i}nez, Carmelo and Alomar, David and Gonz{\'a}lez-Est{\'e}vez, Miguel A and Traveset, Anna},
  journal={Journal of Ecology},
  volume={},
  number={},
  year={2019},
  publisher={Public Library of Science}
}


@article{carvalheiro2014,
  title={The potential for indirect effects between co-flowering plants via shared pollinators depends on resource abundance, accessibility and relatedness},
  author={Carvalheiro, Lu{\'\i}sa Gigante and Biesmeijer, Jacobus Christiaan and Benadi, Gita and Fr{\"u}nd, Jochen and Stang, Martina and Bartomeus, Ignasi and Kaiser-Bunbury, Christopher N and Baude, Mathilde and Gomes, Sofia IF and Merckx, Vincent and others},
  journal={Ecology letters},
  volume={17},
  number={11},
  pages={1389--1399},
  year={2014},
  publisher={Wiley Online Library}
}


@article{gomez2012fitness,
  title={Fitness consequences of centrality in mutualistic individual-based networks},
  author={G{\'o}mez, Jos{\'e} M and Perfectti, Francisco},
  journal={Proceedings of the Royal Society B: Biological Sciences},
  volume={279},
  number={1734},
  pages={1754--1760},
  year={2012},
  publisher={The Royal Society}
}

@article{chamberlain2013taxize,
  title={taxize: taxonomic search and retrieval in R},
  author={Chamberlain, Scott A and Sz{\"o}cs, Eduard},
  journal={F1000Research},
  volume={2},
  year={2013},
  publisher={Faculty of 1000 Ltd}
}