%% REFERENCES 

@article{noreika2019,
  title={Pollinator foraging flexibility mediates rapid plant-pollinator network restoration in semi-natural grasslands},
  author={Noreika, Norbertas and Bartomeus, Ignasi and Winsa, Marie and Bommarco, Riccardo and {\"O}ckinger, Erik},
  journal={Scientific reports},
  volume={9},
  number={1},
  pages={1--11},
  year={2019},
  publisher={Nature Publishing Group}
}