
@article{godoy2014,
	Author = {Godoy, Oscar and Levine, Jonathan M},
	Date-Added = {2017-03-28 00:14:24 +0000},
	Date-Modified = {2017-03-28 00:14:24 +0000},
	Journal = {Ecology},
	Number = {3},
	Pages = {726--736},
	Publisher = {Wiley Online Library},
	Title = {Phenology effects on invasion success: insights from coupling field experiments to coexistence theory},
	Volume = {95},
	Year = {2014}}




@article{tubay2015,
  title={Microhabitat locality allows multi-species coexistence in terrestrial plant communities},
  author={Tubay, Jerrold M and Suzuki, Keisuke and Uehara, Takashi and Kakishima, Satoshi and Ito, Hiromu and Ishida, Atsushi and Yoshida, Katsuhiko and Mori, Shigeta and Rabajante, Jomar F and Morita, Satoru and others},
  journal={Scientific reports},
  volume={5},
  year={2015},
  publisher={Nature Publishing Group}
}

@article{chesson2008,
  title={Quantifying and testing species coexistence mechanisms},
  author={Chesson, Peter},
  journal={Unity in diversity: reflections on ecology after the legacy of Ramon Margalef},
  pages={119-164},
  year={2008},
  publisher={Fundacion BBVA Bilbao}
}

@article{levine2009,
  title={The importance of niches for the maintenance of species diversity},
  author={Levine, Jonathan M and HilleRisLambers, Janneke},
  journal={Nature},
  volume={461},
  number={7261},
  pages={254--257},
  year={2009},
  publisher={Nature Publishing Group}
}

@article{adler2010,
  title={Coexistence of perennial plants: an embarrassment of niches},
  author={Adler, Peter B and Ellner, Stephen P and Levine, Jonathan M},
  journal={Ecology letters},
  volume={13},
  number={8},
  pages={1019--1029},
  year={2010},
  publisher={Wiley Online Library}
}

@article{hatcher2006,
  title={How parasites affect interactions between competitors and predators},
  author={Hatcher, Melanie J and Dick, Jaimie TA and Dunn, Alison M},
  journal={Ecology Letters},
  volume={9},
  number={11},
  pages={1253--1271},
  year={2006},
  publisher={Wiley Online Library}
}

@article{garbutt2011,
  title={Antagonistic competition moderates virulence in Bacillus thuringiensis},
  author={Garbutt, Jennie and Bonsall, Michael B and Wright, Denis J and Raymond, Ben},
  journal={Ecology letters},
  volume={14},
  number={8},
  pages={765--772},
  year={2011},
  publisher={Wiley Online Library}
}

@article{warren2014,
  title={Competition as a mechanism structuring mutualisms},
  author={Warren, Robert J and Giladi, Itamar and Bradford, Mark A},
  journal={Journal of ecology},
  volume={102},
  number={2},
  pages={486--495},
  year={2014},
  publisher={Wiley Online Library}
}

@article{mitchell2009,
  title={New frontiers in competition for pollination},
  author={Mitchell, Randall J and Flanagan, Rebecca J and Brown, Beverly J and Waser, Nickolas M and Karron, Jeffrey D},
  journal={Annals of botany},
  volume={103},
  number={9},
  pages={1403--1413},
  year={2009},
  publisher={Annals Botany Co}
}

@article{jones2012,
  title={The fundamental role of competition in the ecology and evolution of mutualisms},
  author={Jones, Emily I and Bronstein, Judith L and Ferri{\`e}re, R{\'e}gis},
  journal={Annals of the New York Academy of Sciences},
  volume={1256},
  number={1},
  pages={66--88},
  year={2012},
  publisher={Wiley Online Library}
}

@book{tilman1982,
  title={Resource competition and community structure},
  author={Tilman, David},
  year={1982},
  publisher={Princeton university press}
}

@article{chesson2012,
  title={Scale transition theory: its aims, motivations and predictions},
  author={Chesson, Peter},
  journal={Ecological Complexity},
  volume={10},
  pages={52--68},
  year={2012},
  publisher={Elsevier}
}

@article{chessonkuang2008,
  title={The interaction between predation and competition},
  author={Chesson, Peter and Kuang, Jessica J},
  journal={Nature},
  volume={456},
  number={7219},
  pages={235--238},
  year={2008},
  publisher={Nature Publishing Group}
}

@article{coux2016,
  title={Linking species functional roles to their network roles},
  author={Coux, Camille and Rader, Romina and Bartomeus, Ignasi and Tylianakis, Jason M},
  journal={Ecol. Lett.},
  volume={19},
  number={7},
  pages={762-770},
  year={2016},
  publisher={Wiley Online Library}
}

@article{levin1970,
  title={Competition for pollinators between simultaneously flowering species},
  author={Levin, Donald A and Anderson, Wyatt W},
  journal={The American Naturalist},
  volume={104},
  number={939},
  pages={455--467},
  year={1970},
  publisher={University of Chicago Press}
}


@article{hacker1997,
  title={Some implications of direct positive interactions for community species diversity},
  author={Hacker, Sally D and Gaines, Steven D},
  journal={Ecology},
  volume={78},
  number={7},
  pages={1990--2003},
  year={1997},
  publisher={Wiley Online Library}
}

@book{chase2003,
  title={Ecological niches: linking classical and contemporary approaches},
  author={Chase, Jonathan M and Leibold, Mathew A},
  year={2003},
  publisher={University of Chicago Press}
}

@article{vanderputten1997,
  title={How soil-borne pathogens may affect plant competition},
  author={Van der Putten, Wim H and Peters, Bas AM},
  journal={Ecology},
  volume={78},
  number={6},
  pages={1785--1795},
  year={1997},
  publisher={Wiley Online Library}
}

@article{bagchi2014,
  title={Pathogens and insect herbivores drive rainforest plant diversity and composition},
  author={Bagchi, Robert and Gallery, Rachel E and Gripenberg, Sofia and Gurr, Sarah J and Narayan, Lakshmi and Addis, Claire E and Freckleton, Robert P and Lewis, Owen T},
  journal={Nature},
  volume={506},
  number={7486},
  pages={85--88},
  year={2014},
  publisher={Nature Research}
}



@article{ollerton2011,
  title={How many flowering plants are pollinated by animals?},
  author={Ollerton, Jeff and Winfree, Rachael and Tarrant, Sam},
  journal={Oikos},
  volume={120},
  number={3},
  pages={321--326},
  year={2011},
  publisher={Wiley Online Library}
}

@article{bastolla2009,
  title={The architecture of mutualistic networks minimizes competition and increases biodiversity},
  author={Bastolla, Ugo and Fortuna, Miguel A and Pascual-Garc{\'\i}a, Alberto and Ferrera, Antonio and Luque, Bartolo and Bascompte, Jordi},
  journal={Nature},
  volume={458},
  number={7241},
  pages={1018--1020},
  year={2009},
  publisher={Nature Publishing Group}
}


@article{raynaud2004,
  title={Soil characteristics play a key role in modeling nutrient competition in plant communities},
  author={Raynaud, Xavier and Leadley, Paul W},
  journal={Ecology},
  volume={85},
  number={8},
  pages={2200--2214},
  year={2004},
  publisher={Wiley Online Library}
}

@article{hendriks2015,
  title={Spatial heterogeneity of plant--soil feedback affects root interactions and interspecific competition},
  author={Hendriks, Marloes and Ravenek, Janneke M and Smit-Tiekstra, Annemiek E and Paauw, Jan Willem and Caluwe, Hannie and Putten, Wim H and Kroon, Hans and Mommer, Liesje},
  journal={New Phytol.},
  volume={207},
  number={3},
  pages={830--840},
  year={2015},
  publisher={Wiley Online Library}
}


@article{holt1993,
  title={Apparent competition and enemy-free space in insect host-parasitoid communities},
  author={Holt, Robert D and Lawton, John H},
  journal={The American Naturalist},
  volume={142},
  number={4},
  pages={623--645},
  year={1993},
  publisher={University of Chicago Press}
}




@article{van2003,
  title={Positive and negative consequences of salinity stress for the growth and reproduction of the clonal plant, Iris hexagona},
  author={Van Zandt, Peter A and Tobler, Mark A and Mouton, Edmund and Hasenstein, Karl H and Mopper, Susan},
  journal={Journal of Ecology},
  volume={91},
  number={5},
  pages={837--846},
  year={2003},
  publisher={Wiley Online Library}
}

@article{bennett2017,
  title={Plant-soil feedbacks and mycorrhizal type influence temperate forest population dynamics},
  author={Bennett, Jonathan A and Maherali, Hafiz and Reinhart, Kurt O and Lekberg, Ylva and Hart, Miranda M and Klironomos, John},
  journal={Science},
  volume={355},
  number={6321},
  pages={181--184},
  year={2017},
  publisher={American Association for the Advancement of Science}
}

@article{parker2015,
  title={Phylogenetic structure and host abundance drive disease pressure in communities},
  author={Parker, Ingrid M and Saunders, Megan and Bontrager, Megan and Weitz, Andrew P and Hendricks, Rebecca and Magarey, Roger and Suiter, Karl and Gilbert, Gregory S},
  journal={Nature},
  volume={520},
  number={7548},
  pages={542--544},
  year={2015},
  publisher={Nature Research}
}



@article{tilman1994,
  title={Competition and biodiversity in spatially structured habitats},
  author={Tilman, David},
  journal={Ecology},
  volume={75},
  number={1},
  pages={2--16},
  year={1994},
  publisher={Wiley Online Library}
}

@article{stump2015,
  title={Distance-responsive predation is not necessary for the Janzen--Connell hypothesis},
  author={Stump, Simon Maccracken and Chesson, Peter},
  journal={Theoretical population biology},
  volume={106},
  pages={60--70},
  year={2015},
  publisher={Elsevier}
}



@article{levine2009,
  title={The importance of niches for the maintenance of species diversity},
  author={Levine, Jonathan M and HilleRisLambers, Janneke},
  journal={Nature},
  volume={461},
  number={7261},
  pages={254--257},
  year={2009},
  publisher={Nature Publishing Group}
}

@article{klein2007,
  title={Importance of pollinators in changing landscapes for world crops},
  author={Klein, Alexandra-Maria and Vaissiere, Bernard E and Cane, James H and Steffan-Dewenter, Ingolf and Cunningham, Saul A and Kremen, Claire and Tscharntke, Teja},
  journal={Proceedings of the Royal Society of London B: Biological Sciences},
  volume={274},
  number={1608},
  pages={303--313},
  year={2007},
  publisher={The Royal Society}
}

@book{faegri2013,
  title={Principles of pollination ecology},
  author={Faegri, Knut and Van der Pijl, Leendert},
  year={2013},
  publisher={Elsevier}
}

@article{anderson2007,
  title={The geographical mosaic of coevolution in a plant--pollinator mutualism},
  author={Anderson, Bruce and Johnson, Steven D},
  journal={Evolution},
  volume={62},
  number={1},
  pages={220--225},
  year={2008},
  publisher={Wiley Online Library}
}

@article{harder2009,
  title={Darwin's beautiful contrivances: evolutionary and functional evidence for floral adaptation},
  author={Harder, Lawrence D and Johnson, Steven D},
  journal={New Phytologist},
  volume={183},
  number={3},
  pages={530--545},
  year={2009},
  publisher={Wiley Online Library}
}

@article{thompson2001,
  title={How do visitation patterns vary among pollinators in relation to floral display and floral design in a generalist pollination system?},
  author={Thompson, John D},
  journal={Oecologia},
  volume={126},
  number={3},
  year={2001},
  publisher={Springer}
}

@article{herrera2000,
  title={Flower-to-seedling consequences of different pollination regimes in an insect-pollinated shrub},
  author={Herrera, Carlos M},
  journal={Ecology},
  volume={81},
  number={1},
  pages={15--29},
  year={2000},
  publisher={Wiley Online Library}
}

@article{flowers1977,
  title={The mechanism of salt tolerance in halophytes},
  author={Flowers, TJ and Troke, PF and Yeo, AR},
  journal={Annual review of plant physiology},
  volume={28},
  number={1},
  pages={89--121},
  year={1977},
  publisher={Annual Reviews 4139 El Camino Way, PO Box 10139, Palo Alto, CA 94303-0139, USA}
}



@article{tdr2006,
  title={Manual FOM/mts and TDR/MUX/mpts},
  author={{Institute of Agrophysics}},
  journal={Polish Academy of Science Lublin},
  volume={134},
  year={2006}}
  


@article{vamosi2014,
  title={Pollinators visit related plant species across 29 plant--pollinator networks},
  author={Vamosi, Jana C and Moray, Clea M and Garcha, Navdeep K and Chamberlain, Scott A and Mooers, Arne {\O}},
  journal={Ecol. Evol.},
  volume={4},
  number={12},
  pages={2303--2315},
  year={2014},
  publisher={Wiley Online Library}
}

