

@article{bartomeus2008contrasting,
	title = {Contrasting effects of invasive plants in plant--pollinator networks},
	volume = {155},
	url = {https://doi.org/10.1007/s00442-007-0946-1},
	number = {4},
	urldate = {},
	journal = {Oecologia},
	author = {Bartomeus, Ignasi and Vil{\`a}, Montserrat and Santamar{\'\i}a, Lu{\'\i}s},
	year = {2008},
	keywords = {},
	pages = {761--770},
	file = {},
	doi = {10.1007/s00442-007-0946-1}
}


@phdthesis{bek2006pollination,
	title = {A pollination network from a Danish forest meadow},
	url = {},
	urldate = {},
	school = {PhD thesis, MSc. thesis, Aarhus University, Aarhus},
	author = {Robinson, S.},
	year = {2006},
	keywords = {},
	file = {}
}


@Mscthesis{bundgaard2003tidslig,
	title = {Tidslig og rumlig variation i et plante-best{\o}vernetv{\ae}rk},
	url = {},
	urldate = {},
	school = {MSc. thesis, Aarhus University, Aarhus. From Broadstone to zackenberg 57},
	author = {Bundgaard, M},
	year = {2003},
	keywords = {},
	file = {}
}


@article{chacoff2012evaluating,
	title = {Evaluating sampling completeness in a desert plant--pollinator network},
	volume = {81},
	url = {https://doi.org/10.1111/j.1365-2656.2011.01883.x},
	number = {1},
	urldate = {},
	journal = {Journal of Animal Ecology},
	author = {Chacoff, Natacha P and V{\'a}zquez, Diego P and Lom{\'a}scolo, Silvia B and Stevani, Erica L and Dorado, Jimena and Padr{\'o}n, Benigno},
	year = {2012},
	keywords = {},
	pages = {190--200},
	file = {},
	doi = {10.1111/j.1365-2656.2011.01883.x}
}



@article{dicks2002compartmentalization,
	title = {Compartmentalization in plant--insect flower visitor webs},
	volume = {71},
	url = {https://doi.org/10.1046/j.0021-8790.2001.00572.x},
	number = {1},
	urldate = {},
	journal = {Journal of Animal Ecology},
	author = {Dicks, LV and Corbet, SA and Pywell, RF},
	year = {2002},
	keywords = {},
	pages = {32--43},
	file = {},
	doi = {10.1046/j.0021-8790.2001.00572.x}
}



@article{dupont2009ecological,
	title = {Ecological modules and roles of species in heathland plant--insect flower visitor networks},
	volume = {78},
	url = {https://doi.org/10.1111/j.1365-2656.2008.01501.x},
	number = {2},
	urldate = {},
	journal = {Journal of Animal Ecology},
	author = {Dupont, Yoko L and Olesen, Jens M},
	year = {2009},
	keywords = {},
	pages = {346--353},
	file = {},
	doi = {10.1111/j.1365-2656.2008.01501.x}
}


@article{elberling1999structure,
	title = {The structure of a high latitude plant-flower visitor system: the dominance of flies},
	volume = {22},
	url = {https://doi.org/10.1111/j.1600-0587.1999.tb00507.x},
	number = {3},
	urldate = {},
	journal = {Ecography},
	author = {Elberling, Heidi and Olesen, Jens M},
	year = {1999},
	keywords = {},
	pages = {314--323},
	file = {},
	doi = {10.1111/j.1600-0587.1999.tb00507.x}
}

@Unpublished_data{Elberling_unpublished_data,
	title = {},
	url = {},
	urldate = {},
	school = {},
	author = {Elberling, H. and Olesen, J.M},
	year = {},
	keywords = {},
	file = {}
}


@article{fang2012relative,
	title = {Relative stability of core groups in pollination networks in a biodiversity hotspot over four years},
	volume = {7},
	url = {https://doi.org/10.1371/journal.pone.0032663},
	number = {3},
	urldate = {},
	journal = {Plos one},
	author = {Fang, Qiang and Huang, Shuang-Quan},
	year = {2012},
	keywords = {},
	pages = {},
	file = {},
	doi = {10.1371/journal.pone.0032663
}
}